@inproceedings{Yu_2018_CVPR,
author = {Yu, Huanyu and Cheng, Shuo and Ni, Bingbing and Wang, Minsi and Zhang, Jian and Yang, Xiaokang},
title = {Fine-Grained Video Captioning for Sports Narrative},
booktitle = {The IEEE Conference on Computer Vision and Pattern Recognition (CVPR)},
month = {June},
year = {2018}
}

@InProceedings{Sun_2018_CVPR,
author = {Sun, Shuyang and Kuang, Zhanghui and Sheng, Lu and Ouyang, Wanli and Zhang, Wei},
title = {Optical Flow Guided Feature: A Fast and Robust Motion Representation for Video Action Recognition},
booktitle = {The IEEE Conference on Computer Vision and Pattern Recognition (CVPR)},
month = {June},
year = {2018}
}

@inproceedings{HengWang:2011:ARD:2191740.2192078,
 author = {Heng Wang and Klaser, A. and Schmid, C. and Cheng-Lin Liu},
 title = {Action Recognition by Dense Trajectories},
 booktitle = {Proceedings of the 2011 IEEE Conference on Computer Vision and Pattern Recognition},
 series = {CVPR '11},
 year = {2011},
 isbn = {978-1-4577-0394-2},
 pages = {3169--3176},
 numpages = {8},
 url = {https://doi.org/10.1109/CVPR.2011.5995407},
 doi = {10.1109/CVPR.2011.5995407},
 acmid = {2192078},
 publisher = {IEEE Computer Society},
 address = {Washington, DC, USA},
 keywords = {KLT tracker, SIFT descriptor matching, action recognition, bag-of-features approach, camera motion, dense trajectories, feature extraction, feature trajectories, image classification, motion boundary histograms, optical flow field, uncontrolled realistic videos},
} 

@InProceedings{Feichtenhofer_2016_CVPR,
author = {Feichtenhofer, Christoph and Pinz, Axel and Zisserman, Andrew},
title = {Convolutional Two-Stream Network Fusion for Video Action Recognition},
booktitle = {The IEEE Conference on Computer Vision and Pattern Recognition (CVPR)},
month = {June},
year = {2016}
}

@InProceedings{Carreira_2017_CVPR,
author = {Carreira, Joao and Zisserman, Andrew},
title = {Quo Vadis, Action Recognition? A New Model and the Kinetics Dataset},
booktitle = {The IEEE Conference on Computer Vision and Pattern Recognition (CVPR)},
month = {July},
year = {2017}
}

@InProceedings{Cai_2019_CVPR_Workshops,
author = {Cai, Zixi and Neher, Helmut and Vats, Kanav and Clausi, David A. and Zelek, John},
title = {Temporal Hockey Action Recognition via Pose and Optical Flows},
booktitle = {The IEEE Conference on Computer Vision and Pattern Recognition (CVPR) Workshops},
month = {June},
year = {2019}
}

@misc{Zhu_Y,
  title= {Hidden Two-Stream Convolutional Networks for Action Recognition. In: Jawahar C., Li H., Mori G., Schindler K. (eds) Computer Vision â€“ ACCV 2018. ACCV 2018. Lecture Notes in Computer Science, vol 11363. Springer, Cham},
  author= {Zhu Y., Lan Z., Newsam S., Hauptmann A.},
  year= {2019}
}

@InProceedings{Tran_2018_CVPR,
author = {Tran, Du and Wang, Heng and Torresani, Lorenzo and Ray, Jamie and LeCun, Yann and Paluri, Manohar},
title = {A Closer Look at Spatiotemporal Convolutions for Action Recognition},
booktitle = {The IEEE Conference on Computer Vision and Pattern Recognition (CVPR)},
month = {June},
year = {2018}
}

@ARTICLE{6165309,
author={S. {Ji} and W. {Xu} and M. {Yang} and K. {Yu}},
journal={IEEE Transactions on Pattern Analysis and Machine Intelligence},
title={3D Convolutional Neural Networks for Human Action Recognition},
year={2013},
volume={35},
number={1},
pages={221-231},
keywords={feature extraction;gesture recognition;image classification;image motion analysis;image representation;neural nets;spatiotemporal phenomena;video surveillance;3D convolutional neural networks;automated human action recognition;complex handcrafted features;deep model;3D CNN model;temporal dimensions;spatial dimensions;motion information encoding;feature representation;high-level features;airport surveillance videos;baseline methods;Three dimensional displays;Solid modeling;Feature extraction;Computer architecture;Videos;Kernel;Computational modeling;Deep learning;convolutional neural networks;3D convolution;model combination;action recognition;Algorithms;Decision Support Techniques;Image Interpretation, Computer-Assisted;Imaging, Three-Dimensional;Movement;Neural Networks (Computer);Pattern Recognition, Automated;Subtraction Technique},
doi={10.1109/TPAMI.2012.59},
ISSN={1939-3539},
month={Jan},}

@inproceedings{Baccouche:2010:ACS:1889001.1889024,
 author = {Baccouche, Moez and Mamalet, Franck and Wolf, Christian and Garcia, Christophe and Baskurt, Atilla},
 title = {Action Classification in Soccer Videos with Long Short-term Memory Recurrent Neural Networks},
 booktitle = {Proceedings of the 20th International Conference on Artificial Neural Networks: Part II},
 series = {ICANN'10},
 year = {2010},
 isbn = {3-642-15821-8, 978-3-642-15821-6},
 location = {Thessaloniki, Greece},
 pages = {154--159},
 numpages = {6},
 url = {http://dl.acm.org/citation.cfm?id=1889001.1889024},
 acmid = {1889024},
 publisher = {Springer-Verlag},
 address = {Berlin, Heidelberg},
} 

@InProceedings{Donahue_2015_CVPR,
author = {Donahue, Jeffrey and Anne Hendricks, Lisa and Guadarrama, Sergio and Rohrbach, Marcus and Venugopalan, Subhashini and Saenko, Kate and Darrell, Trevor},
title = {Long-Term Recurrent Convolutional Networks for Visual Recognition and Description},
booktitle = {The IEEE Conference on Computer Vision and Pattern Recognition (CVPR)},
month = {June},
year = {2015}
}

@inproceedings{Yao_2011,
author = {Yao, Angela and Gall, Juergen and Fanelli, Gabriele and Van Gool, Luc},
year = {2011},
month = {01},
pages = {67.1-67.11},
title = {Does Human Action Recognition Benefit from Pose Estimation?},
isbn = {1-901725-43-X},
doi = {10.5244/C.25.67}
}

@InProceedings{Luvizon_2018_CVPR,
author = {Luvizon, Diogo C. and Picard, David and Tabia, Hedi},
title = {2D/3D Pose Estimation and Action Recognition Using Multitask Deep Learning},
booktitle = {The IEEE Conference on Computer Vision and Pattern Recognition (CVPR)},
month = {June},
year = {2018}
}

@incollection{NIPS2014_5353,
title = {Two-Stream Convolutional Networks for Action Recognition in Videos},
author = {Simonyan, Karen and Zisserman, Andrew},
booktitle = {Advances in Neural Information Processing Systems 27},
editor = {Z. Ghahramani and M. Welling and C. Cortes and N. D. Lawrence and K. Q. Weinberger},
pages = {568--576},
year = {2014},
publisher = {Curran Associates, Inc.},
url = {https://bit.ly/35j1eg9}
}

@InProceedings{Jain_2013_CVPR,
author = {Jain, Mihir and Jegou, Herve and Bouthemy, Patrick},
title = {Better Exploiting Motion for Better Action Recognition},
booktitle = {The IEEE Conference on Computer Vision and Pattern Recognition (CVPR)},
month = {June},
year = {2013}
}

@InProceedings{Cao_2017_CVPR,
author = {Cao, Zhe and Simon, Tomas and Wei, Shih-En and Sheikh, Yaser},
title = {Realtime Multi-Person 2D Pose Estimation Using Part Affinity Fields},
booktitle = {The IEEE Conference on Computer Vision and Pattern Recognition (CVPR)},
month = {July},
year = {2017}
}

@inproceedings{Wojke2017simple,
  title={Simple Online and Realtime Tracking with a Deep Association Metric},
  author={Wojke, Nicolai and Bewley, Alex and Paulus, Dietrich},
  booktitle={2017 IEEE International Conference on Image Processing (ICIP)},
  year={2017},
  pages={3645--3649},
  organization={IEEE},
  doi={10.1109/ICIP.2017.8296962}
}

@inproceedings{Wojke2018deep,
  title={Deep Cosine Metric Learning for Person Re-identification},
  author={Wojke, Nicolai and Bewley, Alex},
  booktitle={2018 IEEE Winter Conference on Applications of Computer Vision (WACV)},
  year={2018},
  pages={748--756},
  organization={IEEE},
  doi={10.1109/WACV.2018.00087}
}

